@Misc{kokudokotsusho:num_of_users,
	author       = {国土交通省},
	title        = {旅客の輸送機関別輸送量・分担率の推移},
        howpublished = {\url{http://www.mlit.go.jp/common/000232360.pdf} 8月29日に閲覧},
}

@Misc{delay:higaigaku,
	author       = {東洋経済ONLINE},
	title        = {満員電車も遅延も許せない！　通勤問題に特効薬はあるのか《鉄道進化論》},
	howpublished = {\url{http://toyokeizai.net/articles/-/10756} 8月30日に閲覧},
}

@Misc{jr:service_status,
        author       = {JR東日本旅客鉄道株式会社},
        title        = {列車運行情報サービス},
        howpublished = {\url{http://traininfo.jreast.co.jp/train_info/kanto.aspx}},
}

@Misc{twitter:odakyu,
        author       = {Twitter},
        title        = {小田急公式アカウント},
        howpublished = {\url{https://twitter.com/odakyuline_info}},
}
