@Article{related_works:yanase:2013,
	author  = {簗瀬 拓弥 and 増田 英孝 and 山田 剛一 and 荒牧 英治 and 中川 裕志},
	title   = {Twitter を用いた電車遅延の自動通知},
        journal = {情報処理学会研究報告},
	year    = 2013,
}
