@Misc{evernote:2010,
  author = 	 {Evernote Corporation},
  title = 	 {Welcome to your notable world | Evernote Corporation},
  howpublished = {http://www.evernote.com/},
  month = 	 1,
  year = 	 2010}

@Misc{Firefox:2010,
  author = 	 {Mozilla Japan},
  title = 	 {次世代ブラウザ Firefox},
  howpublished = {http://mozilla.jp/firefox/},
  month = 	 1,
  year = 	 2010}

@Misc{iTunes:2009,
  author = 	 {Apple},
  title = 	 {Apple - Download music and more with iTunes. Play it all on iPod},
  howpublished = {http://www.apple.com/itunes/},
  month = 	 12,
  year = 	 2009}

@Misc{ad_planner:2009,
  author = 	 {Google},
  title = 	 {Google Ad Planner},
  howpublished = {\url{https://www.google.com/adplanner/planning/}},
  month = 	 5,
  year = 	 2009}
                  
@Misc{pathtraq:2009,
  author = 	 {CybozuLabos},
  title = 	 {pathtraq},
  howpublished = {\url{http://pathtraq.com}},
  month = 	 5,
  year = 	 2009}
                  


@Misc{place_engine:2010,
  author = 	 {Koozyt,Inc},
  title = 	 {無線LAN・位置情報 | PlaceEngine | Koozyt},
  howpublished = {http://www.placeengine.com/},
  month = 	 1,
  year = 	 2010}

@Misc{gps_service:2009,
  author = 	 {勝手にGPS},
  title = 	 {浮気はGPSで｜浮気を調べるなら勝手にGPS},
  howpublished = {http://gpsm.jp//index.php?guid=ON},
  month = 	 12,
  year = 	 2009}
                  
@article{passivefinger:2010,
  author="Zalewski, M. and Passive, OS",
  title="Fingerprinting Tool",
  journal={\url{http://lcamtuf.coredump.cx/p0f.shtml}},
  month = 	 1,
  year = 	 2010}
